@article{gupta2015multifactorial,
  title={Multifactorial evolution: toward evolutionary multitasking},
  author={Gupta, Abhishek and Ong, Yew-Soon and Feng, Liang},
  journal={IEEE Transactions on Evolutionary Computation},
  volume={20},
  number={3},
  pages={343--357},
  year={2015},
  publisher={IEEE}
}
@article{chen2019adaptive,
  title={An adaptive archive-based evolutionary framework for many-task optimization},
  author={Chen, Yongliang and Zhong, Jinghui and Feng, Liang and Zhang, Jun},
  journal={IEEE Transactions on Emerging Topics in Computational Intelligence},
  year={2019},
  publisher={IEEE}
}
